<?xml version="1.0" encoding="UTF-8"?><collection xmlns="http://www.loc.gov/MARC21/slim"><record><leader>01653ncb a2200361 a 4500</leader><controlfield tag="001">vtls000015585</controlfield><controlfield tag="003">IFAD</controlfield><controlfield tag="005">20190122163500.0</controlfield><controlfield tag="008">180730 2016                  000 0 eng d</controlfield><datafield tag="020" ind1=" " ind2=" "><subfield code="a">978-92-9072-604-3</subfield></datafield><datafield tag="035" ind1=" " ind2=" "><subfield code="a">IF000015585</subfield></datafield><datafield tag="039" ind1=" " ind2="9"><subfield code="a">201901221635</subfield><subfield code="b">vaids</subfield><subfield code="c">201812171625</subfield><subfield code="d">vaids</subfield><subfield code="c">201812171624</subfield><subfield code="d">vaids</subfield><subfield code="c">201811020936</subfield><subfield code="d">vaids</subfield><subfield code="y">201606011527</subfield><subfield code="z">vaids</subfield></datafield><datafield tag="090" ind1=" " ind2=" "><subfield code="a">S2256 9 N1</subfield></datafield><datafield tag="100" ind1="1" ind2=" "><subfield code="a">Wiggins, S.</subfield></datafield><datafield tag="245" ind1=" " ind2=" "><subfield code="a">Agricultural and rural development reconsidered:</subfield><subfield code="b">a guide to issues and debates</subfield></datafield><datafield tag="250" ind1=" " ind2=" "><subfield code="a">1st</subfield></datafield><datafield tag="260" ind1=" " ind2=" "><subfield code="a">Rome, Italy</subfield><subfield code="b">IFAD</subfield><subfield code="c">2016</subfield></datafield><datafield tag="300" ind1=" " ind2=" "><subfield code="a">60 pp.</subfield></datafield><datafield tag="490" ind1=" " ind2=" "><subfield code="a">IFAD Research Series N.1</subfield></datafield><datafield tag="520" ind1=" " ind2=" "><subfield code="a">This paper is a guide to current debates about agricultural development. It analyses the changes in development approaches and thinking in recent decades and explores today's critical issues in agricultural and rural development policy. With the main focus on Africa, the paper also includes insights from Asia and Latin America</subfield></datafield><datafield tag="650" ind1=" " ind2="7"><subfield code="a">AGRICULTURE</subfield><subfield code="2">AGROVOC</subfield></datafield><datafield tag="650" ind1=" " ind2="7"><subfield code="a">DEVELOPMENT</subfield><subfield code="2">AGROVOC</subfield></datafield><datafield tag="650" ind1=" " ind2="7"><subfield code="a">POLICIES</subfield><subfield code="2">AGROVOC</subfield></datafield><datafield tag="650" ind1=" " ind2="7"><subfield code="a">AFRICA</subfield><subfield code="2">AGROVOC</subfield></datafield><datafield tag="650" ind1=" " ind2="7"><subfield code="a">ASIA</subfield><subfield code="2">AGROVOC</subfield></datafield><datafield tag="650" ind1=" " ind2="7"><subfield code="a">LATIN AMERICA</subfield><subfield code="2">AGROVOC</subfield></datafield><datafield tag="773" ind1=" " ind2=" "><subfield code="w">IF000015583</subfield></datafield><datafield tag="773" ind1=" " ind2=" "><subfield code="w">IF000015585</subfield></datafield><datafield tag="852" ind1=" " ind2=" "><subfield code="a">E-lib</subfield></datafield><datafield tag="856" ind1=" " ind2="8"><subfield code="u">https://www.ifad.org/documents/38714170/0/01_ODI_web-cover.jpg/e6bf9cf7-c880-414e-97ff-a17fed12987e?t=1499426851796</subfield></datafield><datafield tag="856" ind1=" " ind2=" "><subfield code="u">https://www.ifad.org/documents/38714170/39135332/01_ODI_web.pdf/cac62a47-ff82-433c-8a99-b864056ecdbf</subfield></datafield><datafield tag="999" ind1=" " ind2=" "><subfield code="a">VIRTUA40</subfield></datafield><datafield tag="999" ind1=" " ind2=" "><subfield code="a">VTLSSORT0080*7731*0200*0350*0900*1000*2450*4900*2500*2600*3000*5200*6500*6501*6502*6503*6504*6505*7730*8520*8560*8561*9992</subfield></datafield></record>