<record><leader>02176nab a2200397 a 4500</leader><controlfield tag="001">vtls000016301</controlfield><controlfield tag="003">IFAD</controlfield><controlfield tag="005">20181217162000.0</controlfield><controlfield tag="008">181217 2018                  000 0 eng d</controlfield><datafield tag="035" ind1=" " ind2=" "><subfield code="a">IF000016301</subfield></datafield><datafield tag="039" ind1=" " ind2="9"><subfield code="a">201812171620</subfield><subfield code="b">vaids</subfield><subfield code="c">201812171617</subfield><subfield code="d">vaids</subfield><subfield code="c">201812171107</subfield><subfield code="d">vaids</subfield><subfield code="c">201812171101</subfield><subfield code="d">vaids</subfield><subfield code="y">201812171058</subfield><subfield code="z">vaids</subfield></datafield><datafield tag="090" ind1=" " ind2=" "><subfield code="a">S2256 9 N32</subfield></datafield><datafield tag="100" ind1="1" ind2=" "><subfield code="a">Boere, E.</subfield></datafield><datafield tag="245" ind1=" " ind2=" "><subfield code="a">Developing country-wide farming system typologies:</subfield><subfield code="b">an analysis of Ethiopian smallholders’ income and food security</subfield></datafield><datafield tag="260" ind1=" " ind2=" "><subfield code="a">Rome (IT)</subfield><subfield code="b">IFAD</subfield><subfield code="c">2018</subfield></datafield><datafield tag="300" ind1=" " ind2=" "><subfield code="a">38 pp.</subfield><subfield code="b">No. 32</subfield></datafield><datafield tag="490" ind1=" " ind2=" "><subfield code="a">IFAD Research Series</subfield></datafield><datafield tag="520" ind1=" " ind2=" "><subfield code="a">This paper aims to better understand the context in which smallholder farms operate.&#xD;
The study has developed a new methodology to establish country-wide farm typologies that combines household and macro-level data (household survey, agricultural census and land cover data) to analyze food security and poverty, to enable an analysis that is both farm-system specific and spatially explicit.&#xD;
Using this methodology to analyze the poverty and food security situation of Ethiopian smallholder farms, the study has developed farming-system- and location-specific poverty and food security indicators which can provide guidance for more targeted strategies to reduce rural poverty.</subfield></datafield><datafield tag="650" ind1=" " ind2="7"><subfield code="a">Nutrition</subfield><subfield code="2">AGROVOC</subfield></datafield><datafield tag="650" ind1=" " ind2="7"><subfield code="a">FARMS</subfield><subfield code="2">AGROVOC</subfield></datafield><datafield tag="650" ind1=" " ind2="7"><subfield code="a">AGRICULTURE</subfield><subfield code="2">AGROVOC</subfield></datafield><datafield tag="650" ind1=" " ind2="7"><subfield code="a">POVERTY</subfield><subfield code="2">AGROVOC</subfield></datafield><datafield tag="650" ind1=" " ind2="7"><subfield code="a">FOOD SECURITY</subfield><subfield code="2">AGROVOC</subfield></datafield><datafield tag="700" ind1="1" ind2=" "><subfield code="a">Mosnier, A.</subfield></datafield><datafield tag="700" ind1="1" ind2=" "><subfield code="a">Bocquého, G.</subfield></datafield><datafield tag="700" ind1="1" ind2=" "><subfield code="a">Garbero, A.</subfield></datafield><datafield tag="700" ind1="1" ind2=" "><subfield code="a">Krisztin, T.</subfield></datafield><datafield tag="700" ind1=" " ind2=" "><subfield code="a">Havlík, P.</subfield></datafield><datafield tag="700" ind1=" " ind2=" "><subfield code="a">Elhaut, T.</subfield></datafield><datafield tag="773" ind1=" " ind2=" "><subfield code="w">IF000015583</subfield></datafield><datafield tag="852" ind1=" " ind2=" "><subfield code="a">Library</subfield></datafield><datafield tag="856" ind1=" " ind2="8"><subfield code="u">https://www.ifad.org/documents/38714170/40859263/32_research.jpg/b0f5adfb-8768-466d-b05b-168b7df19591?t=1543307303313</subfield></datafield><datafield tag="856" ind1=" " ind2=" "><subfield code="u">https://www.ifad.org/documents/38714170/40859263/32_Research.pdf/65954c0b-0378-4fff-b089-26aa56b179af</subfield></datafield><datafield tag="856" ind1=" " ind2=" "><subfield code="u">http://library2018.ifad.org:8080/16328.pdf</subfield></datafield><datafield tag="999" ind1=" " ind2=" "><subfield code="a">VIRTUA40</subfield></datafield><datafield tag="999" ind1=" " ind2=" "><subfield code="a">VTLSSORT0080*8562*7004*7005*0350*0900*1000*2450*2600*3000*4900*5200*6500*6501*6502*6503*6504*7000*7001*7002*7003*7730*8520*8560*8561*9992</subfield></datafield></record>