<record><leader>02105nab a2200373 a 4500</leader><controlfield tag="001">vtls000016096</controlfield><controlfield tag="003">IFAD</controlfield><controlfield tag="005">20181102112200.0</controlfield><controlfield tag="008">180706 2017                  000 0 eng d</controlfield><datafield tag="035" ind1=" " ind2=" "><subfield code="a">IF000016096</subfield></datafield><datafield tag="039" ind1=" " ind2="9"><subfield code="a">201811021122</subfield><subfield code="b">vaids</subfield><subfield code="c">201810311038</subfield><subfield code="d">vaids</subfield><subfield code="y">201807061041</subfield><subfield code="z">vaids</subfield></datafield><datafield tag="090" ind1=" " ind2=" "><subfield code="a">S2257 9 N14</subfield></datafield><datafield tag="100" ind1="1" ind2=" "><subfield code="a">Winters, P.</subfield></datafield><datafield tag="245" ind1=" " ind2=" "><subfield code="a">Disbursement performance of the International Fund for Agricultural Development (IFAD):</subfield><subfield code="b">an in-depth analysis of drivers and trends</subfield></datafield><datafield tag="260" ind1=" " ind2=" "><subfield code="a">Rome, Italy</subfield><subfield code="b">IFAD</subfield><subfield code="c">2017</subfield></datafield><datafield tag="300" ind1=" " ind2=" "><subfield code="a">64 pp.</subfield></datafield><datafield tag="490" ind1=" " ind2=" "><subfield code="a">IFAD Research Series</subfield><subfield code="v">No.14</subfield></datafield><datafield tag="520" ind1=" " ind2=" "><subfield code="a">This paper investigates the trends and the influencing factors of IFAD’s project disbursement performance over the past 20 years. Based on data from 577 projects in 111 countries, the study finds that disbursement of funds are often delayed and time-consuming.&#xD;
Using econometric analysis, the study assesses the internal and external factors affecting the amount and timeliness of disbursements, and provides important lessons on how international financial institutions such as IFAD can better monitor and manage this important aspect of their development effectiveness. &#xD;
</subfield></datafield><datafield tag="650" ind1=" " ind2="7"><subfield code="a">FUNDING</subfield><subfield code="2">AGROVOC</subfield></datafield><datafield tag="650" ind1=" " ind2="7"><subfield code="a">IFAD</subfield><subfield code="2">AGROVOC</subfield></datafield><datafield tag="650" ind1=" " ind2="7"><subfield code="a">PROJECTS</subfield><subfield code="2">AGROVOC</subfield></datafield><datafield tag="650" ind1=" " ind2="7"><subfield code="a">PERFORMANCE TESTING</subfield><subfield code="2">AGROVOC</subfield></datafield><datafield tag="650" ind1=" " ind2="7"><subfield code="a">ECONOMETRIC MODELS</subfield><subfield code="2">AGROVOC</subfield></datafield><datafield tag="700" ind1="1" ind2=" "><subfield code="a">Scalzo, S.</subfield></datafield><datafield tag="700" ind1="1" ind2=" "><subfield code="a">Mallia, P.</subfield></datafield><datafield tag="700" ind1="1" ind2=" "><subfield code="a">Higgins, D.</subfield></datafield><datafield tag="700" ind1="1" ind2=" "><subfield code="a">Balint, T.</subfield></datafield><datafield tag="773" ind1=" " ind2=" "><subfield code="w">IF000015583</subfield></datafield><datafield tag="852" ind1=" " ind2=" "><subfield code="a">E-Lib.</subfield></datafield><datafield tag="856" ind1=" " ind2="8"><subfield code="u">https://www.ifad.org/documents/38714170/39135332/Disursement+performance+res+issue+14.jpg/2b3a50ad-4827-45ab-b577-7e161931e366?t=1512132885329</subfield></datafield><datafield tag="856" ind1=" " ind2=" "><subfield code="u">https://www.ifad.org/documents/38714170/39317898/Research+Series+Issue+14+-+Disbursement+performance+of+the+International+Fund+for+Agricultural+Development+%28IFAD%29.pdf/349fb29c-fbe6-4d4a-96d4-2b800ad671a4</subfield></datafield><datafield tag="999" ind1=" " ind2=" "><subfield code="a">VIRTUA40</subfield></datafield><datafield tag="999" ind1=" " ind2=" "><subfield code="a">VTLSSORT0010*0030*0050*0080*0350*0390*0900*1000*2450*2600*3000*4900*5200*6500*6501*6502*6503*6504*7000*7001*7002*7003*7730*8520*8560*8561*9990*9991</subfield></datafield><datafield tag="999" ind1=" " ind2=" "><subfield code="a">VTLSSORT</subfield></datafield></record>