<record><leader>01916nab a2200349 a 4500</leader><controlfield tag="001">vtls000016092</controlfield><controlfield tag="003">IFAD</controlfield><controlfield tag="005">20181102111400.0</controlfield><controlfield tag="008">180704 2017                  000 0 eng d</controlfield><datafield tag="035" ind1=" " ind2=" "><subfield code="a">IF000016092</subfield></datafield><datafield tag="039" ind1=" " ind2="9"><subfield code="a">201811021114</subfield><subfield code="b">vaids</subfield><subfield code="c">201810311034</subfield><subfield code="d">vaids</subfield><subfield code="y">201807041629</subfield><subfield code="z">vaids</subfield></datafield><datafield tag="090" ind1=" " ind2=" "><subfield code="a">S2256 9 N18</subfield></datafield><datafield tag="100" ind1="1" ind2=" "><subfield code="a">Winters, P.</subfield></datafield><datafield tag="245" ind1=" " ind2=" "><subfield code="a">Do agricultural support and cash transfer programmes improve nutritional status?</subfield></datafield><datafield tag="260" ind1=" " ind2=" "><subfield code="a">Rome, Italy</subfield><subfield code="b">IFAD</subfield><subfield code="c">2017</subfield></datafield><datafield tag="300" ind1=" " ind2=" "><subfield code="a">44 pp.</subfield></datafield><datafield tag="490" ind1=" " ind2=" "><subfield code="a">IFAD Research Series</subfield><subfield code="v">No. 18</subfield></datafield><datafield tag="520" ind1=" " ind2=" "><subfield code="a">Cash transfer and agricultural support programmes are both used to improve nutrition outcomes in developing countries. This paper examines previous reviews of the impact of these programmes and compares the evidence between the two. The paper finds that, although there are about the same number of programmes of each type, many more papers have been written about the cash transfer programmes than the agricultural programmes. While evidence suggests that both programme types improved the quality of food consumption, the paper concludes that both types show weak evidence of improvements in anthropometric outcomes.</subfield></datafield><datafield tag="650" ind1=" " ind2="7"><subfield code="a">Nutrition</subfield><subfield code="2">AGROVOC</subfield></datafield><datafield tag="650" ind1=" " ind2="7"><subfield code="a">CASH FLOW</subfield><subfield code="2">AGROVOC</subfield></datafield><datafield tag="650" ind1=" " ind2="7"><subfield code="a">DEVELOPING COUNTRIES</subfield><subfield code="2">AGROVOC</subfield></datafield><datafield tag="650" ind1=" " ind2="7"><subfield code="a">ANALYSIS</subfield><subfield code="2">AGROVOC</subfield></datafield><datafield tag="700" ind1="1" ind2=" "><subfield code="a">Gitter, S.R.</subfield></datafield><datafield tag="700" ind1="1" ind2=" "><subfield code="a">Manley, J.</subfield></datafield><datafield tag="700" ind1="1" ind2=" "><subfield code="a">Bernstein, B.</subfield></datafield><datafield tag="773" ind1=" " ind2=" "><subfield code="w">IF000015583</subfield></datafield><datafield tag="852" ind1=" " ind2=" "><subfield code="a">E-Lib.</subfield></datafield><datafield tag="856" ind1=" " ind2="8"><subfield code="u">https://www.ifad.org/documents/38714170/39317790/18_Research_cover.jpg/fe4a3dd8-725e-443e-bf17-879dabe30ce8?t=1516287706431</subfield></datafield><datafield tag="856" ind1=" " ind2=" "><subfield code="u">https://www.ifad.org/documents/38714170/39317790/18_Research_n%C2%B018_web.pdf/ca5091a9-0463-4865-917f-02669925ea8e</subfield></datafield><datafield tag="999" ind1=" " ind2=" "><subfield code="a">VIRTUA40</subfield></datafield><datafield tag="999" ind1=" " ind2=" "><subfield code="a">VTLSSORT0010*0030*0050*0080*0350*0390*0900*1000*2450*2600*3000*4900*5200*6500*6501*6502*6503*7000*7001*7002*7730*8520*8560*8561*9990*9991</subfield></datafield><datafield tag="999" ind1=" " ind2=" "><subfield code="a">VTLSSORT</subfield></datafield></record>