<record><leader>02123nab a2200349 a 4500</leader><controlfield tag="001">vtls000016089</controlfield><controlfield tag="003">IFAD</controlfield><controlfield tag="005">20181102110900.0</controlfield><controlfield tag="008">180704 2018                  000 0 eng d</controlfield><datafield tag="035" ind1=" " ind2=" "><subfield code="a">IF000016089</subfield></datafield><datafield tag="039" ind1=" " ind2="9"><subfield code="a">201811021109</subfield><subfield code="b">vaids</subfield><subfield code="c">201810311027</subfield><subfield code="d">vaids</subfield><subfield code="c">201807041631</subfield><subfield code="d">vaids</subfield><subfield code="y">201807041349</subfield><subfield code="z">vaids</subfield></datafield><datafield tag="090" ind1=" " ind2=" "><subfield code="a">S2256 9 N21</subfield></datafield><datafield tag="100" ind1="1" ind2=" "><subfield code="a">Winters, P.</subfield></datafield><datafield tag="245" ind1=" " ind2=" "><subfield code="a">Does relative deprivation induce migration?</subfield><subfield code="b">Evidence from sub-Saharan Africa</subfield></datafield><datafield tag="260" ind1=" " ind2=" "><subfield code="a">Rome, Italy</subfield><subfield code="b">IFAD</subfield><subfield code="c">2018</subfield></datafield><datafield tag="300" ind1=" " ind2=" "><subfield code="a">42 pp.</subfield></datafield><datafield tag="490" ind1=" " ind2=" "><subfield code="a">IFAD Research Series</subfield><subfield code="v">No. 21</subfield></datafield><datafield tag="520" ind1=" " ind2=" "><subfield code="a">This paper challenges the traditional view that portrays income maximization as the main driver of migration and tests whether relative deprivation and social inequality lead to migration in sub-Saharan Africa. Examining data from the Living Standards Measurements Study – Integrated Surveys in Agriculture (LSMS-ISA) from Tanzania, Ethiopia, Malawi, Nigeria and Uganda, the paper finds that a household’s migration decision is based not only on its well-being status, but also on the position of the household relative to the wealth distribution in the local community. Results indicate that relative deprivation of wealth was positively associated with migration, implying a need to renew the discussion of relative deprivation and social inequality as a cause of migration in sub-Saharan Africa.</subfield></datafield><datafield tag="650" ind1=" " ind2="7"><subfield code="a">MIGRATION</subfield><subfield code="2">AGROVOC</subfield></datafield><datafield tag="650" ind1=" " ind2="7"><subfield code="a">DATA</subfield><subfield code="2">AGROVOC</subfield></datafield><datafield tag="650" ind1=" " ind2="7"><subfield code="a">HOUSEHOLD INCOME</subfield><subfield code="2">AGROVOC</subfield></datafield><datafield tag="650" ind1=" " ind2="7"><subfield code="a">ECONOMIC DISTRIBUTION</subfield><subfield code="2">AGROVOC</subfield></datafield><datafield tag="650" ind1=" " ind2="7"><subfield code="a">AFRICA</subfield><subfield code="2">AGROVOC</subfield></datafield><datafield tag="700" ind1="1" ind2=" "><subfield code="a">Kafle, K.</subfield></datafield><datafield tag="700" ind1="1" ind2=" "><subfield code="a">Benfica, R.</subfield></datafield><datafield tag="773" ind1=" " ind2=" "><subfield code="w">IF000015583</subfield></datafield><datafield tag="852" ind1=" " ind2=" "><subfield code="a">Library</subfield></datafield><datafield tag="856" ind1=" " ind2="8"><subfield code="u">https://www.ifad.org/documents/38714170/40236764/reserach_21_cover.jpg/c4b08a74-48f2-4f1c-a747-19d121146c7d?t=1521791846065</subfield></datafield><datafield tag="856" ind1=" " ind2=" "><subfield code="u">https://www.ifad.org/documents/38714170/40236764/21_Research_n%C2%B021_web.pdf/39613ca3-ef3a-48c9-9440-c5de858aba53</subfield></datafield><datafield tag="999" ind1=" " ind2=" "><subfield code="a">VIRTUA40</subfield></datafield><datafield tag="999" ind1=" " ind2=" "><subfield code="a">VTLSSORT0010*0030*0050*0080*0350*0390*0900*1000*2450*2600*3000*4900*5200*6500*6501*6502*6503*6504*7000*7001*7730*8520*8560*8561*9990*9991</subfield></datafield><datafield tag="999" ind1=" " ind2=" "><subfield code="a">VTLSSORT</subfield></datafield></record>