<record><leader>02267nab a2200313 a 4500</leader><controlfield tag="001">vtls000016201</controlfield><controlfield tag="003">IFAD</controlfield><controlfield tag="005">20190122163100.0</controlfield><controlfield tag="008">181005 2018                  000 0 eng d</controlfield><datafield tag="035" ind1=" " ind2=" "><subfield code="a">IF000016201</subfield></datafield><datafield tag="039" ind1=" " ind2="9"><subfield code="a">201901221631</subfield><subfield code="b">vaids</subfield><subfield code="c">201811021157</subfield><subfield code="d">vaids</subfield><subfield code="c">201810051353</subfield><subfield code="d">vaids</subfield><subfield code="y">201810051232</subfield><subfield code="z">vaids</subfield></datafield><datafield tag="090" ind1=" " ind2=" "><subfield code="a">S2256 9 N29</subfield></datafield><datafield tag="100" ind1="1" ind2=" "><subfield code="a">Bosc, P.-M.</subfield></datafield><datafield tag="245" ind1=" " ind2=" "><subfield code="a">Empowering through collective action</subfield></datafield><datafield tag="260" ind1=" " ind2=" "><subfield code="a">Rome (IT)</subfield><subfield code="b">IFAD</subfield><subfield code="c">2018</subfield></datafield><datafield tag="300" ind1=" " ind2=" "><subfield code="a">39 pp.</subfield></datafield><datafield tag="490" ind1=" " ind2=" "><subfield code="a">IFAD Research Series</subfield><subfield code="v">No. 29</subfield></datafield><datafield tag="520" ind1=" " ind2=" "><subfield code="a">This paper explores the conditions for collective action to generate inclusion when agriculture transforms. 
The analysis finds that changes related to agricultural transformation have often led to urban migration for those rural and agricultural populations that could not cope with “modernization.” 
In the coming decades, agricultural transformation in rural areas may lead to more varied responses such as new farming patterns including more labour and thus require a broader diversity of collective action. 
Based on a range of theoretical and empirical references, the analysis proposes a framework that goes beyond sector-oriented perspectives, linking several interconnected domains where collective action can contribute towards inclusion. 
The paper also explores how to operationalize this collective action framework. It concludes that at stake is the ability of research and policymaking to support initiatives that cut across sectoral frontiers, favour interactions that open local people up to new ideas and beliefs, and look to bridge gaps in social status and between local and global thinking.</subfield></datafield><datafield tag="650" ind1=" " ind2="7"><subfield code="a">AGRICULTURE</subfield><subfield code="2">AGROVOC</subfield></datafield><datafield tag="650" ind1=" " ind2="7"><subfield code="a">TRANSFORMATION</subfield><subfield code="2">AGROVOC</subfield></datafield><datafield tag="650" ind1=" " ind2="7"><subfield code="a">FARMING PATTERNS</subfield><subfield code="2">AGROVOC</subfield></datafield><datafield tag="650" ind1=" " ind2="7"><subfield code="a">URBAN MIGRATION</subfield><subfield code="2">AGROVOC</subfield></datafield><datafield tag="650" ind1=" " ind2="7"><subfield code="a">LABOUR</subfield><subfield code="2">AGROVOC</subfield></datafield><datafield tag="773" ind1=" " ind2=" "><subfield code="w">IF000015583</subfield></datafield><datafield tag="852" ind1=" " ind2=" "><subfield code="a">E-Lib</subfield></datafield><datafield tag="856" ind1=" " ind2="8"><subfield code="u">https://www.ifad.org/documents/38714170/40797323/29_research.jpg/1b86b8ec-d192-4be5-a458-bc76dcf89b10?t=1538725789279</subfield></datafield><datafield tag="856" ind1=" " ind2=" "><subfield code="u">https://www.ifad.org/documents/38714170/40797323/29_Research_web.pdf/80c95937-0cfb-4bd9-8f6f-5671a6500c76</subfield></datafield><datafield tag="999" ind1=" " ind2=" "><subfield code="a">VIRTUA40</subfield></datafield><datafield tag="999" ind1=" " ind2=" "><subfield code="a">VTLSSORT0080*0350*7730*0900*1000*2450*2600*3000*4900*5200*6500*6501*6502*6503*6504*8520*8560*8561*9992</subfield></datafield></record>