<record><leader>01949nab a2200313 a 4500</leader><controlfield tag="001">vtls000016384</controlfield><controlfield tag="003">IFAD</controlfield><controlfield tag="005">20190124104600.0</controlfield><controlfield tag="008">190122 2019                  000 0 eng d</controlfield><datafield tag="035" ind1=" " ind2=" "><subfield code="a">IF000016384</subfield></datafield><datafield tag="039" ind1=" " ind2="9"><subfield code="a">201901241046</subfield><subfield code="b">vaids</subfield><subfield code="y">201901221655</subfield><subfield code="z">vaids</subfield></datafield><datafield tag="090" ind1=" " ind2=" "><subfield code="a">S2256 9 N34</subfield></datafield><datafield tag="100" ind1="1" ind2=" "><subfield code="a">Gollin, D.</subfield></datafield><datafield tag="245" ind1=" " ind2=" "><subfield code="a">Farm size and productivity:</subfield><subfield code="b">lessons from recent literature</subfield></datafield><datafield tag="260" ind1=" " ind2=" "><subfield code="a">Rome (IT)</subfield><subfield code="b">IFAD</subfield><subfield code="c">2019</subfield></datafield><datafield tag="300" ind1=" " ind2=" "><subfield code="a">36 pp.</subfield><subfield code="b">No. 34</subfield></datafield><datafield tag="490" ind1=" " ind2=" "><subfield code="a">IFAD Research Series</subfield></datafield><datafield tag="520" ind1=" " ind2=" "><subfield code="a">This paper considers the relationship between farm size and productivity patterns across countries and within countries. Across countries, there is a weak but positive relationship between farm size and yield. A much stronger positive relationship holds for agricultural output per unit of labour, which is closely correlated with farm size across countries.&#xD;
&#xD;
The inverse farm size-productivity relationship holds true within countries. However, even within countries, there is typically a strong positive relationship between farm size and labour productivity.&#xD;
&#xD;
Considering that hundreds of millions of poor people will remain in smallholder agriculture for decades to come, policy-makers need to consider whether  current strategies offer a particularly valuable way to generate agricultural development.&#xD;
</subfield></datafield><datafield tag="650" ind1=" " ind2="7"><subfield code="a">FARM SIZE</subfield><subfield code="2">AGROVOC</subfield></datafield><datafield tag="650" ind1=" " ind2="7"><subfield code="a">RURAL DEVELOPMENT</subfield><subfield code="2">AGROVOC</subfield></datafield><datafield tag="650" ind1=" " ind2="7"><subfield code="a">PRODUCTIVITY</subfield><subfield code="2">AGROVOC</subfield></datafield><datafield tag="650" ind1=" " ind2="7"><subfield code="a">AGRICULTURE</subfield><subfield code="2">AGROVOC</subfield></datafield><datafield tag="650" ind1=" " ind2="7"><subfield code="a">LABOUR</subfield><subfield code="2">AGROVOC</subfield></datafield><datafield tag="773" ind1=" " ind2=" "><subfield code="w">IF000015583</subfield></datafield><datafield tag="852" ind1=" " ind2=" "><subfield code="a">Library</subfield></datafield><datafield tag="856" ind1=" " ind2="8"><subfield code="u">https://www.ifad.org/documents/38714170/40974017/34_research_series.jpg/1d008c13-9ee3-7b2d-9a1c-8e745b2fa7bb?t=1548147205842</subfield></datafield><datafield tag="856" ind1=" " ind2=" "><subfield code="u">https://www.ifad.org/documents/38714170/40974017/Research+Series+34.pdf/64a10247-6fdd-e397-b75b-3d45767d956c</subfield></datafield><datafield tag="999" ind1=" " ind2=" "><subfield code="a">VIRTUA40</subfield></datafield><datafield tag="999" ind1=" " ind2=" "><subfield code="a">VTLSSORT0080*0350*0900*1000*2450*2600*3000*4900*5200*6500*6501*6502*6503*6504*7730*8520*8560*8561*9992</subfield></datafield></record>