<record><leader>02968nab a2200337 a 4500</leader><controlfield tag="001">vtls000016107</controlfield><controlfield tag="003">IFAD</controlfield><controlfield tag="005">20181115110100.0</controlfield><controlfield tag="008">180711 2016                  000 0 eng d</controlfield><datafield tag="020" ind1=" " ind2=" "><subfield code="a">978-92-9072-662-3</subfield></datafield><datafield tag="035" ind1=" " ind2=" "><subfield code="a">IF000016107</subfield></datafield><datafield tag="039" ind1=" " ind2="9"><subfield code="a">201811151101</subfield><subfield code="b">vaids</subfield><subfield code="c">201811021144</subfield><subfield code="d">vaids</subfield><subfield code="c">201810311049</subfield><subfield code="d">vaids</subfield><subfield code="y">201807110948</subfield><subfield code="z">vaids</subfield></datafield><datafield tag="090" ind1=" " ind2=" "><subfield code="a">S2256 9 N3</subfield></datafield><datafield tag="100" ind1="1" ind2=" "><subfield code="a">Suttie, D.</subfield></datafield><datafield tag="245" ind1=" " ind2=" "><subfield code="a">Fostering inclusive outcomes in sub-Saharan African agriculture:</subfield><subfield code="b">improving agricultural productivity and expanding agribusiness opportunities</subfield></datafield><datafield tag="260" ind1=" " ind2=" "><subfield code="a">Rome, Italy</subfield><subfield code="b">IFAD</subfield><subfield code="c">2016</subfield></datafield><datafield tag="300" ind1=" " ind2=" "><subfield code="a">27 pp.</subfield></datafield><datafield tag="490" ind1=" " ind2=" "><subfield code="a">IFAD Research Series</subfield><subfield code="v">No. 3</subfield></datafield><datafield tag="520" ind1=" " ind2=" "><subfield code="a">Despite strong per capita income growth, the structure of sub-Saharan Africa’s economies&#xD;
has not changed markedly in recent decades. In spite of a rapidly growing labour force and&#xD;
urbanizing populations, employment growth in rural areas in general and in non-farm&#xD;
sectors in particular has been slow, and poverty levels in those areas remain relatively higher&#xD;
than in urban areas. So, the key question is: how to catalyse economic transformations&#xD;
that foster inclusive and sustainable development? This is where the role of agriculture is&#xD;
key, given that the overwhelming majority of the population across the continent depends&#xD;
on it as a livelihood source. The case for increasing agricultural productivity to accelerate&#xD;
transformation, investment and industrialization is strongly supported by well-established&#xD;
conceptual frameworks and historical empirical evidence. Though recent gains have been&#xD;
encouraging, agricultural productivity in sub-Saharan Africa still lags behind other regions.&#xD;
The relatively low productivity has led to a loss of competitiveness in agricultural exports and&#xD;
the declining share of the region’s participation in global agricultural trade. Nonetheless, the&#xD;
potential of building on recent gains and developing an agribusiness sector that is responsive&#xD;
to and benefits from the work of smallholder farmers is enormous. This requires the&#xD;
prioritization of two main areas for policy and investment: (i) supporting the emergence of a&#xD;
modern agro‑industrial sector; and (ii) developing the potential of smallholders to engage in&#xD;
high-value activities across agricultural value chains.</subfield></datafield><datafield tag="650" ind1=" " ind2="7"><subfield code="a">ECONOMIC TRANSFORMATION</subfield><subfield code="2">AGROVOC</subfield></datafield><datafield tag="650" ind1=" " ind2="7"><subfield code="a">GROWTH</subfield><subfield code="2">AGROVOC</subfield></datafield><datafield tag="650" ind1=" " ind2="7"><subfield code="a">RURAL AREAS</subfield><subfield code="2">AGROVOC</subfield></datafield><datafield tag="650" ind1=" " ind2="7"><subfield code="a">EMPLOYMENT</subfield><subfield code="2">AGROVOC</subfield></datafield><datafield tag="650" ind1=" " ind2="7"><subfield code="a">AFRICA</subfield><subfield code="2">AGROVOC</subfield></datafield><datafield tag="700" ind1="1" ind2=" "><subfield code="a">Benfica, R.</subfield></datafield><datafield tag="773" ind1=" " ind2=" "><subfield code="w">IF000015583</subfield></datafield><datafield tag="852" ind1=" " ind2=" "><subfield code="a">E-Lib.</subfield></datafield><datafield tag="856" ind1=" " ind2="8"><subfield code="u">https://www.ifad.org/documents/38714170/0/03_Agribusiness_web-cover.jpg/72d98c4f-70f7-45bf-b87d-044d6a9c091b?t=1499430662637</subfield></datafield><datafield tag="856" ind1=" " ind2=" "><subfield code="u">https://www.ifad.org/documents/38714170/39135332/03_Agribusiness_web.pdf/2d3fa83e-a8f5-4aa3-8c61-02f39e0b6589</subfield></datafield><datafield tag="999" ind1=" " ind2=" "><subfield code="a">VIRTUA40</subfield></datafield><datafield tag="999" ind1=" " ind2=" "><subfield code="a">VTLSSORT0080*0200*0350*0900*1000*2450*2600*3000*4900*5200*6500*6501*6502*6503*6504*7000*7730*8520*8560*8561*9992</subfield></datafield></record>