<record><leader>03806nab a2200313 a 4500</leader><controlfield tag="001">vtls000016103</controlfield><controlfield tag="003">IFAD</controlfield><controlfield tag="005">20181102113300.0</controlfield><controlfield tag="008">180711 2017                  000 0 eng d</controlfield><datafield tag="020" ind1=" " ind2=" "><subfield code="a">978-92-9072-708-8</subfield></datafield><datafield tag="035" ind1=" " ind2=" "><subfield code="a">IF000016103</subfield></datafield><datafield tag="039" ind1=" " ind2="9"><subfield code="a">201811021133</subfield><subfield code="b">vaids</subfield><subfield code="y">201807110901</subfield><subfield code="z">vaids</subfield></datafield><datafield tag="090" ind1=" " ind2=" "><subfield code="a">S2257 9 N8</subfield></datafield><datafield tag="100" ind1="1" ind2=" "><subfield code="a">Hussein, K.</subfield></datafield><datafield tag="245" ind1=" " ind2=" "><subfield code="a">Fostering inclusive rural transformation in fragile states and situations</subfield></datafield><datafield tag="260" ind1=" " ind2=" "><subfield code="a">Rome, Italy</subfield><subfield code="b">IFAD</subfield><subfield code="c">2017</subfield></datafield><datafield tag="490" ind1=" " ind2=" "><subfield code="a">IFAD Research Series</subfield><subfield code="v">No. 8</subfield></datafield><datafield tag="520" ind1=" " ind2=" "><subfield code="a">This paper seeks to answer three main questions:&#xD;
(i) What are fragile states and situations and how do they relate to issues of inclusive&#xD;
structural and rural transformation?&#xD;
(ii) In three selected case studies of diverse fragile situations (in the Democratic Republic of&#xD;
the Congo, the Republic of Haiti and the Republic of the Sudan – drawing on IFADfinanced&#xD;
programme and country experience), what have been the key elements of&#xD;
structural and rural transformation and to what extent has rural transformation&#xD;
been inclusive?&#xD;
(iii) In these cases, how does fragility affect the inclusiveness of rural transformation? Which&#xD;
policies and approaches can successfully promote inclusive rural transformation in&#xD;
fragile situations?&#xD;
This paper focuses on the relationships between fragile states and situations and structural&#xD;
and rural transformation in different contexts, and the degree to which inclusive rural&#xD;
transformation can be observed, understood and fostered in such situations. It provides an&#xD;
overview of the relationship between fragility and structural and rural transformation, and then&#xD;
proposes a focus on fragile situations rather than on fragile states. It identifies key issues that&#xD;
affect inclusive rural transformation in a diversity of fragile situations, considering short-term&#xD;
and long-term dynamics.&#xD;
After using the Organisation for Economic Co-operation and Development (OECD) list of&#xD;
fragile states and economies for the purposes of selecting case study countries for this paper,&#xD;
the paper focuses on a review of rural transformation processes and interventions to support&#xD;
more inclusive rural transformation in three fragile situations in Africa and Latin America:&#xD;
the Democratic Republic of the Congo, Sudan and Haiti (for a summary of factors of fragility&#xD;
in these countries, see Annex 1). The narrative then draws from this analysis to provide an&#xD;
overview of issues for inclusive rural transformation and summarizes a number of key messages&#xD;
to inform policies, strategies and programmes. The paper concludes with eight key messages on&#xD;
fostering inclusive rural transformation and fragile situations.&#xD;
The overall argument of this paper is that approaches to foster inclusive rural transformation&#xD;
in fragile states and situations need to be addressed on a case-by-case basis. It is necessary for&#xD;
development actors to better understand the diversity and distinctive aspects of fragile states&#xD;
and situations, and consequent upon this, tailored approaches are needed in order to effectively&#xD;
support inclusive rural transformation in these contexts.</subfield></datafield><datafield tag="650" ind1=" " ind2="7"><subfield code="a">RURAL TRANFORMATION</subfield><subfield code="2">AGROVOC</subfield></datafield><datafield tag="650" ind1=" " ind2="7"><subfield code="a">CONGO</subfield><subfield code="2">AGROVOC</subfield></datafield><datafield tag="650" ind1=" " ind2="7"><subfield code="a">HAITI</subfield><subfield code="2">AGROVOC</subfield></datafield><datafield tag="650" ind1=" " ind2="7"><subfield code="a">SUDAN</subfield><subfield code="2">AGROVOC</subfield></datafield><datafield tag="773" ind1=" " ind2=" "><subfield code="w">IF000015583</subfield></datafield><datafield tag="852" ind1=" " ind2=" "><subfield code="a">E-Lib.</subfield></datafield><datafield tag="856" ind1=" " ind2="8"><subfield code="u">https://www.ifad.org/documents/38714170/39135332/Fostering+inclusive+rural+transformation.jpg/ecd5124c-11fa-4d24-9f63-ddca0d709860?t=1505218109371</subfield></datafield><datafield tag="856" ind1=" " ind2=" "><subfield code="u">https://www.ifad.org/documents/38714170/39135332/Fostering+inclusive+rural+transformation.pdf/cd8d6a19-e1fd-40cc-87c6-7be2e009408e</subfield></datafield><datafield tag="999" ind1=" " ind2=" "><subfield code="a">VIRTUA40</subfield></datafield><datafield tag="999" ind1=" " ind2=" "><subfield code="a">VTLSSORT0010*0030*0050*0080*0200*0350*0390*0900*1000*2450*2600*4900*5200*6500*6501*6502*6503*7730*8520*8560*8561*9990*9991</subfield></datafield><datafield tag="999" ind1=" " ind2=" "><subfield code="a">VTLSSORT</subfield></datafield></record>