<record><leader>01814nab a2200325 a 4500</leader><controlfield tag="001">vtls000016097</controlfield><controlfield tag="003">IFAD</controlfield><controlfield tag="005">20181102112800.0</controlfield><controlfield tag="008">180706 2017                  000 0 eng d</controlfield><datafield tag="035" ind1=" " ind2=" "><subfield code="a">IF000016097</subfield></datafield><datafield tag="039" ind1=" " ind2="9"><subfield code="a">201811021128</subfield><subfield code="b">vaids</subfield><subfield code="c">201810311040</subfield><subfield code="d">vaids</subfield><subfield code="y">201807061116</subfield><subfield code="z">vaids</subfield></datafield><datafield tag="090" ind1=" " ind2=" "><subfield code="a">S2257 9 N13</subfield></datafield><datafield tag="100" ind1="1" ind2=" "><subfield code="a">El Harizi, K.</subfield></datafield><datafield tag="245" ind1=" " ind2=" "><subfield code="a">Graduation models for rural financial inclusion</subfield></datafield><datafield tag="260" ind1=" " ind2=" "><subfield code="a">Rome, Italy</subfield><subfield code="b">IFAD</subfield><subfield code="c">2017</subfield></datafield><datafield tag="490" ind1=" " ind2=" "><subfield code="a">IFAD Research Series</subfield><subfield code="v">No. 13</subfield></datafield><datafield tag="520" ind1=" " ind2=" "><subfield code="a">Graduation out of chronic poverty has recently been receiving considerable attention by the global development community for its potential synergies with social protection, microfinance and livelihoods development approaches to poverty reduction.&#xD;
This paper examines the evidence regarding the effectiveness of graduation strategies in reducing extreme poverty, with a focus on rural households, and proposes a new analytical framework to support future work on graduation as a learning and adaptation process in development practice.&#xD;
</subfield></datafield><datafield tag="650" ind1=" " ind2="7"><subfield code="a">POVERTY</subfield><subfield code="2">AGROVOC</subfield></datafield><datafield tag="650" ind1=" " ind2="7"><subfield code="a">DEVELOPMENT ORGANIZATIONS</subfield><subfield code="2">AGROVOC</subfield></datafield><datafield tag="650" ind1=" " ind2="7"><subfield code="a">LIVELIHOODS</subfield><subfield code="2">AGROVOC</subfield></datafield><datafield tag="650" ind1=" " ind2="7"><subfield code="a">MICROFINANCE</subfield><subfield code="2">AGROVOC</subfield></datafield><datafield tag="650" ind1=" " ind2="7"><subfield code="a">POLICIES</subfield><subfield code="2">AGROVOC</subfield></datafield><datafield tag="700" ind1="1" ind2=" "><subfield code="a">Yan, X.</subfield></datafield><datafield tag="773" ind1=" " ind2=" "><subfield code="w">IF000015583</subfield></datafield><datafield tag="852" ind1=" " ind2=" "><subfield code="a">E-Lib.</subfield></datafield><datafield tag="856" ind1=" " ind2="8"><subfield code="u">https://www.ifad.org/documents/38714170/39135332/graduation+models+ifad+13.jpg/e96f0319-9152-4fba-b13b-8dd02125d8f5?t=1512132892110</subfield></datafield><datafield tag="856" ind1=" " ind2=" "><subfield code="u">https://www.ifad.org/documents/38714170/39317987/Research+Series+Issue+13+-+13+-+Graduation+models+for+rural+financial+inclusion.pdf/19064761-7c5a-4010-9144-3d2ff459d802</subfield></datafield><datafield tag="999" ind1=" " ind2=" "><subfield code="a">VIRTUA40</subfield></datafield><datafield tag="999" ind1=" " ind2=" "><subfield code="a">VTLSSORT0010*0030*0050*0080*0350*0390*0900*1000*2450*2600*4900*5200*6500*6501*6502*6503*6504*7000*7730*8520*8560*8561*9990*9991</subfield></datafield><datafield tag="999" ind1=" " ind2=" "><subfield code="a">VTLSSORT</subfield></datafield></record>