<record><leader>02675nab a2200325 a 4500</leader><controlfield tag="001">vtls000016260</controlfield><controlfield tag="003">IFAD</controlfield><controlfield tag="005">20181217110700.0</controlfield><controlfield tag="008">181030 2018                  000 0 eng d</controlfield><datafield tag="035" ind1=" " ind2=" "><subfield code="a">IF000016260</subfield></datafield><datafield tag="039" ind1=" " ind2="9"><subfield code="a">201812171107</subfield><subfield code="b">vaids</subfield><subfield code="c">201811020934</subfield><subfield code="d">vaids</subfield><subfield code="c">201810301458</subfield><subfield code="d">vaids</subfield><subfield code="c">201810301456</subfield><subfield code="d">vaids</subfield><subfield code="y">201810301439</subfield><subfield code="z">vaids</subfield></datafield><datafield tag="090" ind1=" " ind2=" "><subfield code="a">S2256 9 N31</subfield></datafield><datafield tag="100" ind1="1" ind2=" "><subfield code="a">Garbero, A.</subfield></datafield><datafield tag="245" ind1=" " ind2=" "><subfield code="a">Impact of modern irrigation on household production and welfare outcomes:</subfield><subfield code="b">evidence from the participatory small-scale irrigation development programme (PASIDP) project in Ethiopia</subfield></datafield><datafield tag="260" ind1=" " ind2=" "><subfield code="a">Rome (IT)</subfield><subfield code="b">IFAD</subfield><subfield code="c">2018</subfield></datafield><datafield tag="300" ind1=" " ind2=" "><subfield code="a">51 pp.</subfield><subfield code="b">No. 31</subfield></datafield><datafield tag="490" ind1=" " ind2=" "><subfield code="a">IFAD Research Series No. 31</subfield></datafield><datafield tag="520" ind1=" " ind2=" "><subfield code="a">Investments in irrigation systems have been shown to substantially improve farmers’ productivity, and thus alleviate poverty. This study provides an example of such an investment: the Participatory Small-Scale Irrigation Development Programme.&#xD;
The project institutionalized water user associations, developed small-scale irrigation schemes, and provided agricultural training activities to smallholder farmers in drought-prone and food-deficit areas in four regions of Ethiopia.&#xD;
Combining a primary household survey with geographical data, this work estimates the project impact on agricultural production and household expenditure using a novel identification strategy.&#xD;
&#xD;
Beneficiaries' gains include improved crop yields and greater diversity of crops cultivated. These gains have the potential to raise revenues and enable a switch from subsistence to purchasing more food from the market.&#xD;
The lessons learned from this study, by highlighting the need to focus on strengthening access to market, in conjunction with the irrigation infrastructural support, have the potential to improve the design and implementation of future small-scale irrigation projects.&#xD;
The added focus on access to markets would provide greater opportunities to projects beneficiaries by maximising farmers' improved productive capacity.</subfield></datafield><datafield tag="650" ind1=" " ind2="7"><subfield code="a">IRRIGATION</subfield><subfield code="2">AGROVOC</subfield></datafield><datafield tag="650" ind1=" " ind2="7"><subfield code="a">WATER</subfield><subfield code="2">AGROVOC</subfield></datafield><datafield tag="650" ind1=" " ind2="7"><subfield code="a">HOUSEHOLD PRODUCTION</subfield><subfield code="2">AGROVOC</subfield></datafield><datafield tag="650" ind1=" " ind2="7"><subfield code="a">WELFARE</subfield><subfield code="2">AGROVOC</subfield></datafield><datafield tag="650" ind1=" " ind2="7"><subfield code="a">ETHIOPIA</subfield><subfield code="2">AGROVOC</subfield></datafield><datafield tag="700" ind1=" " ind2=" "><subfield code="a">Songsermsawas, T.</subfield></datafield><datafield tag="773" ind1=" " ind2=" "><subfield code="w">IF000015583</subfield></datafield><datafield tag="852" ind1=" " ind2=" "><subfield code="a">E-Lib</subfield></datafield><datafield tag="856" ind1=" " ind2="8"><subfield code="u">https://www.ifad.org/documents/38714170/40813846/31_Research_web.jpg/be6eb37c-43ee-4f31-8295-a6acd9d9f18d?t=1540894659051</subfield></datafield><datafield tag="856" ind1=" " ind2=" "><subfield code="u">https://www.ifad.org/documents/38714170/40813846/31_Research_web.pdf/d65bf511-8063-47f4-a06f-c6005db7c880</subfield></datafield><datafield tag="999" ind1=" " ind2=" "><subfield code="a">VIRTUA40</subfield></datafield><datafield tag="999" ind1=" " ind2=" "><subfield code="a">VTLSSORT7000*0080*0350*0900*1000*2450*2600*3000*4900*5200*6500*6501*6502*6503*6504*7730*8520*8560*8561*9992</subfield></datafield></record>