<record><leader>03542nab a2200325 a 4500</leader><controlfield tag="001">vtls000016104</controlfield><controlfield tag="003">IFAD</controlfield><controlfield tag="005">20181102113700.0</controlfield><controlfield tag="008">180711 2016                  000 0 eng d</controlfield><datafield tag="020" ind1=" " ind2=" "><subfield code="a">978-92-9072-703-3</subfield></datafield><datafield tag="035" ind1=" " ind2=" "><subfield code="a">IF000016104</subfield></datafield><datafield tag="039" ind1=" " ind2="9"><subfield code="a">201811021137</subfield><subfield code="b">vaids</subfield><subfield code="c">201810311046</subfield><subfield code="d">vaids</subfield><subfield code="c">201807110910</subfield><subfield code="d">vaids</subfield><subfield code="y">201807110908</subfield><subfield code="z">vaids</subfield></datafield><datafield tag="090" ind1=" " ind2=" "><subfield code="a">S2257 9 N7</subfield></datafield><datafield tag="100" ind1="1" ind2=" "><subfield code="a">Garbero, A.</subfield></datafield><datafield tag="245" ind1=" " ind2=" "><subfield code="a">Measuring IFAD’s impact:</subfield><subfield code="b">background paper to the IFAD9 Impact Assessment Initiative</subfield></datafield><datafield tag="260" ind1=" " ind2=" "><subfield code="a">Rome, Italy</subfield><subfield code="b">IFAD</subfield><subfield code="c">2016</subfield></datafield><datafield tag="300" ind1=" " ind2=" "><subfield code="a">108 pp.</subfield></datafield><datafield tag="490" ind1=" " ind2=" "><subfield code="a">IFAD Research Series</subfield><subfield code="v">No. 7</subfield></datafield><datafield tag="520" ind1=" " ind2=" "><subfield code="a">In recent years, the International Fund for Agricultural Development (IFAD) has increasingly&#xD;
strengthened its focus on achieving and measuring results. In 2011-2012, resources were&#xD;
invested in the IFAD9 Impact Assessment Initiative (IFAD9 IAI) in order to: (i) explore&#xD;
methodologies to assess impact; (ii) measure – to the degree possible – the results and impacts&#xD;
of IFAD-financed activities; and (iii) summarize lessons learned and advise on rigorous and&#xD;
cost-effective approaches to attributing impact to IFAD interventions. The initiative reflects&#xD;
a recognition of IFAD’s responsibility to generate evidence of the success of IFAD-supported&#xD;
projects so as to learn lessons for the benefit of future projects. This paper describes the IFAD9&#xD;
IAI and the range of methods that have been identified to broaden the evidence base for the&#xD;
estimation of IFAD impacts, and presents the results from the aggregation and projection&#xD;
methodology used to compute the Fund’s aggregate impact on key outcomes, while also&#xD;
highlighting what has been learned. The results show that there are many areas in which&#xD;
IFAD‑supported project beneficiaries have had, on average, better outcomes in percentage&#xD;
terms as compared to comparison farmers who were not project beneficiaries. Specifically,&#xD;
IFAD-supported projects are effectively poverty-reducing: when choosing durable asset indexes&#xD;
as the preferred poverty proxies on the grounds that they better approximate long-run wealth,&#xD;
findings point to statistically significant gains. Overall, the analyses strongly imply that IFAD&#xD;
is effectively improving the well-being of rural people in terms of asset accumulation, and&#xD;
higher revenue and income. The IFAD9 IAI represents a pioneering research effort, which has&#xD;
tried to overcome the clear challenges of designing data collection and conducting ex post&#xD;
impact assessments in a context where data were scarce, with a view to measuring progress&#xD;
towards a global accountability goal over a very short period of time. Therefore, an important&#xD;
recommendation is that future impact assessments should be selected and designed ex ante,&#xD;
and structured to facilitate and maximize learning, rather than used solely as an instrument&#xD;
to prove accountability.</subfield></datafield><datafield tag="650" ind1=" " ind2="7"><subfield code="a">IMPACT ASSESSMENT</subfield><subfield code="2">AGROVOC</subfield></datafield><datafield tag="650" ind1=" " ind2="7"><subfield code="a">ANALYSIS</subfield><subfield code="2">AGROVOC</subfield></datafield><datafield tag="650" ind1=" " ind2="7"><subfield code="a">PROJECTS</subfield><subfield code="2">AGROVOC</subfield></datafield><datafield tag="650" ind1=" " ind2="7"><subfield code="a">IFAD</subfield><subfield code="2">AGROVOC</subfield></datafield><datafield tag="773" ind1=" " ind2=" "><subfield code="w">IF000015583</subfield></datafield><datafield tag="852" ind1=" " ind2=" "><subfield code="a">E-Lib.</subfield></datafield><datafield tag="856" ind1=" " ind2="8"><subfield code="u">https://www.ifad.org/documents/38714170/39318582/Measuring+IFAD%E2%80%99s+impact_cover.jpg/88f9f287-696b-4bf3-b64c-370cf021ba63?t=1505804363353</subfield></datafield><datafield tag="856" ind1=" " ind2=" "><subfield code="u">https://www.ifad.org/documents/38714170/39318582/Measuring+IFAD%E2%80%99s+impact.pdf/36c251f1-854e-42de-8990-773728abe1f7</subfield></datafield><datafield tag="999" ind1=" " ind2=" "><subfield code="a">VIRTUA40</subfield></datafield><datafield tag="999" ind1=" " ind2=" "><subfield code="a">VTLSSORT0010*0030*0050*0080*0200*0350*0390*0900*1000*2450*2600*3000*4900*5200*6500*6501*6502*6503*7730*8520*8560*8561*9990*9991</subfield></datafield><datafield tag="999" ind1=" " ind2=" "><subfield code="a">VTLSSORT</subfield></datafield></record>