<record><leader>01757nab a2200325 a 4500</leader><controlfield tag="001">vtls000016091</controlfield><controlfield tag="003">IFAD</controlfield><controlfield tag="005">20190122163200.0</controlfield><controlfield tag="008">180704 2017                  000 0 eng d</controlfield><datafield tag="035" ind1=" " ind2=" "><subfield code="a">IF000016091</subfield></datafield><datafield tag="039" ind1=" " ind2="9"><subfield code="a">201901221632</subfield><subfield code="b">vaids</subfield><subfield code="c">201811021112</subfield><subfield code="d">vaids</subfield><subfield code="c">201810311032</subfield><subfield code="d">vaids</subfield><subfield code="y">201807041409</subfield><subfield code="z">vaids</subfield></datafield><datafield tag="090" ind1=" " ind2=" "><subfield code="a">S2256 9 N20</subfield></datafield><datafield tag="100" ind1="1" ind2=" "><subfield code="a">Garbero, A.</subfield></datafield><datafield tag="245" ind1=" " ind2=" "><subfield code="a">Measuring women's empowerment in agriculture:</subfield><subfield code="b">a streamlined approach</subfield></datafield><datafield tag="260" ind1=" " ind2=" "><subfield code="a">Rome, Italy</subfield><subfield code="b">IFAD</subfield><subfield code="c">2017</subfield></datafield><datafield tag="300" ind1=" " ind2=" "><subfield code="a">52 pp.</subfield></datafield><datafield tag="490" ind1=" " ind2=" "><subfield code="a">IFAD Research Series</subfield><subfield code="v">No. 19</subfield></datafield><datafield tag="520" ind1=" " ind2=" "><subfield code="a">The Women’s Empowerment in Agriculture Index (WEAI) can be a useful tool to measure the empowerment, agency and inclusion of women in the agriculture sector. However, computing the WEAI in its current form involves large data requirements, resulting in lengthy surveys with several questions on various dimensions and indicators within each dimension. This paper proposes a reduced version of the WEAI, or the R-WEAI, and examines two possible approaches to reduce the data requirements while ensuring comparability to the full WEAI.</subfield></datafield><datafield tag="650" ind1=" " ind2="7"><subfield code="a">WOMEN</subfield><subfield code="2">AGROVOC</subfield></datafield><datafield tag="650" ind1=" " ind2="7"><subfield code="a">EMPOWERMENT</subfield><subfield code="2">AGROVOC</subfield></datafield><datafield tag="650" ind1=" " ind2="7"><subfield code="a">AGRICULTURAL SECTOR</subfield><subfield code="2">AGROVOC</subfield></datafield><datafield tag="650" ind1=" " ind2="7"><subfield code="a">DATA</subfield><subfield code="2">AGROVOC</subfield></datafield><datafield tag="650" ind1=" " ind2="7"><subfield code="a">INDICATORS</subfield><subfield code="2">AGROVOC</subfield></datafield><datafield tag="700" ind1="1" ind2=" "><subfield code="a">Perge, E.</subfield></datafield><datafield tag="773" ind1=" " ind2=" "><subfield code="w">IF000015583</subfield></datafield><datafield tag="852" ind1=" " ind2=" "><subfield code="a">E-Lib.</subfield></datafield><datafield tag="856" ind1=" " ind2="8"><subfield code="u">https://www.ifad.org/documents/38714170/39135332/19_Research_cover.jpg/eac92b12-75cf-4bb1-a6a5-fd69339dc501?t=1513066366540</subfield></datafield><datafield tag="856" ind1=" " ind2=" "><subfield code="u">https://www.ifad.org/documents/38714170/39135332/19_Research_n%C2%B019_web.pdf/37a4a6ec-f23b-44da-8dea-8cefab20f295</subfield></datafield><datafield tag="999" ind1=" " ind2=" "><subfield code="a">VIRTUA40</subfield></datafield><datafield tag="999" ind1=" " ind2=" "><subfield code="a">VTLSSORT0080*0350*0900*1000*2450*2600*3000*4900*5200*6500*6501*6502*6503*6504*7000*7730*8520*8560*8561*9992</subfield></datafield></record>