<record><leader>03609nab a2200349 a 4500</leader><controlfield tag="001">vtls000016105</controlfield><controlfield tag="003">IFAD</controlfield><controlfield tag="005">20181102113800.0</controlfield><controlfield tag="008">180711 2016                  000 0 eng d</controlfield><datafield tag="020" ind1=" " ind2=" "><subfield code="a">978-92-9072-676-0</subfield></datafield><datafield tag="035" ind1=" " ind2=" "><subfield code="a">IF000016105</subfield></datafield><datafield tag="039" ind1=" " ind2="9"><subfield code="a">201811021138</subfield><subfield code="b">vaids</subfield><subfield code="c">201810311048</subfield><subfield code="d">vaids</subfield><subfield code="y">201807110929</subfield><subfield code="z">vaids</subfield></datafield><datafield tag="090" ind1=" " ind2=" "><subfield code="a">S2257 9 N5</subfield></datafield><datafield tag="100" ind1="1" ind2=" "><subfield code="a">Hussein, K.</subfield></datafield><datafield tag="245" ind1=" " ind2=" "><subfield code="a">Rural-urban linkages and food systems in sub-Saharan Africa:</subfield><subfield code="b">the rural dimension</subfield></datafield><datafield tag="260" ind1=" " ind2=" "><subfield code="a">Rome, Italy</subfield><subfield code="b">IFAD</subfield><subfield code="c">2016</subfield></datafield><datafield tag="300" ind1=" " ind2=" "><subfield code="a">38 pp.</subfield></datafield><datafield tag="490" ind1=" " ind2=" "><subfield code="a">IFAD Research Series</subfield><subfield code="v">No. 5</subfield></datafield><datafield tag="520" ind1=" " ind2=" "><subfield code="a">Given the context of transitions related to rapid urbanization, the roles that rural economies&#xD;
and societies will have to play (particularly smallholder farmers and other rural producers)&#xD;
in creating sustainable and inclusive food systems, in generating employment and incomes&#xD;
and in contributing to more balanced, equitable and mutually reinforcing patterns of&#xD;
rural-urban development in Africa require the attention of analysts, policymakers and&#xD;
development programmes in the years ahead. Addressing challenges related to a bulging&#xD;
population of young people will be particularly important in any work on the rural-urban&#xD;
nexus, in which youth migration plays critical roles. This is borne out by an analysis of&#xD;
evidence from sub-Saharan Africa and elsewhere, which stresses the importance of increasing&#xD;
productivity and incomes among rural people, particularly smallholders, during processes&#xD;
of economic and social transformation. Emerging trends and opportunities – such as&#xD;
the increasing demand for food and the changing nature of that demand as consumer&#xD;
preferences evolve, urbanization, demographic patterns that mean young people are an&#xD;
increasingly important proportion of the overall population, and more integrated food value&#xD;
chains – all point to the importance of ensuring key rural dynamics are taken into account in&#xD;
developing rural-urban linkages. Taking account of these dynamics will mean addressing key&#xD;
rural-urban inequalities and connectivity gaps, developing more integrated and inclusive links&#xD;
within food systems and agricultural value chains, testing spatial and territorial approaches&#xD;
to development that provide valuable tools to integrate the rural dimension into debates&#xD;
surrounding urbanization, the promotion of a more sustainable urbanization, and building&#xD;
decent employment in food value chains. Nonetheless, the review of evidence in this paper&#xD;
suggests that, while urbanization potentially opens up opportunities for inclusive rural and&#xD;
structural transformation, this can only be achieved when suitable policies and investments&#xD;
are put in place to adequately address the particular needs of often-neglected rural people who&#xD;
play critical roles in food systems.</subfield></datafield><datafield tag="650" ind1=" " ind2="7"><subfield code="a">URBAN DEVELOPMENT</subfield><subfield code="2">AGROVOC</subfield></datafield><datafield tag="650" ind1=" " ind2="7"><subfield code="a">RURAL ECONOMIES</subfield><subfield code="2">AGROVOC</subfield></datafield><datafield tag="650" ind1=" " ind2="7"><subfield code="a">FOOD SYSTEMS</subfield><subfield code="2">AGROVOC</subfield></datafield><datafield tag="650" ind1=" " ind2="7"><subfield code="a">ANALYSIS</subfield><subfield code="2">AGROVOC</subfield></datafield><datafield tag="650" ind1=" " ind2="7"><subfield code="a">AFRICA</subfield><subfield code="2">AGROVOC</subfield></datafield><datafield tag="700" ind1="1" ind2=" "><subfield code="a">Suttie, D.</subfield></datafield><datafield tag="773" ind1=" " ind2=" "><subfield code="w">IF000015583</subfield></datafield><datafield tag="852" ind1=" " ind2=" "><subfield code="a">E-Lib.</subfield></datafield><datafield tag="856" ind1=" " ind2="8"><subfield code="u">https://www.ifad.org/documents/38714170/39135332/Rural-urban+linkages+and+food+systems+in+sub-Saharan+Africa.jpg/76f64c67-be23-45b4-8add-3055a97f039e?t=1505224910827</subfield></datafield><datafield tag="856" ind1=" " ind2=" "><subfield code="u">https://www.ifad.org/documents/38714170/39135332/Rural-urban+linkages+and+food+systems+in+sub-Saharan+Africa.pdf/f5801ff5-2fb8-4b0d-ae77-976aa3e116d3</subfield></datafield><datafield tag="999" ind1=" " ind2=" "><subfield code="a">VIRTUA40</subfield></datafield><datafield tag="999" ind1=" " ind2=" "><subfield code="a">VTLSSORT0010*0030*0050*0080*0200*0350*0390*0900*1000*2450*2600*3000*4900*5200*6500*6501*6502*6503*6504*7000*7730*8520*8560*8561*9990*9991</subfield></datafield><datafield tag="999" ind1=" " ind2=" "><subfield code="a">VTLSSORT</subfield></datafield></record>