<record><leader>02304nab a2200337 a 4500</leader><controlfield tag="001">vtls000016055</controlfield><controlfield tag="003">IFAD</controlfield><controlfield tag="005">20190122164100.0</controlfield><controlfield tag="008">180730 2018                  000 0 eng d</controlfield><datafield tag="020" ind1=" " ind2=" "><subfield code="a">978-92-9072-816-0</subfield></datafield><datafield tag="035" ind1=" " ind2=" "><subfield code="a">IF000016055</subfield></datafield><datafield tag="039" ind1=" " ind2="9"><subfield code="a">201901221641</subfield><subfield code="b">vaids</subfield><subfield code="c">201811021049</subfield><subfield code="d">vaids</subfield><subfield code="c">201807301626</subfield><subfield code="d">VLOAD</subfield><subfield code="c">201805141232</subfield><subfield code="d">vaids</subfield><subfield code="y">201805111647</subfield><subfield code="z">vaids</subfield></datafield><datafield tag="090" ind1=" " ind2=" "><subfield code="a">S2256 9 N23</subfield></datafield><datafield tag="100" ind1="1" ind2=" "><subfield code="a">Benfica, R.</subfield></datafield><datafield tag="245" ind1=" " ind2=" "><subfield code="a">The effect of the sectoral composition of economic growth on rural and urban poverty</subfield></datafield><datafield tag="260" ind1=" " ind2=" "><subfield code="a">Rome, Italy</subfield><subfield code="b">IFAD</subfield><subfield code="c">2018</subfield></datafield><datafield tag="300" ind1=" " ind2=" "><subfield code="a">42 pp.</subfield></datafield><datafield tag="490" ind1=" " ind2=" "><subfield code="a">IFAD Research Series</subfield><subfield code="v">N. 23</subfield></datafield><datafield tag="520" ind1=" " ind2=" "><subfield code="a">We examine the relationship between the sectoral composition of economic growth and the rural-urban composition of poverty. To this end, we use a new cross-country panel dataset consisting of 146 rural and urban poverty “spells” for 70 low- and middle-income countries. We find that rural (urban) poverty is highly responsive to agricultural (non-agricultural) productivity growth. The effect of agricultural productivity growth on rural poverty is particularly strong for countries with little dependence on natural resources. We also find that growth in the share of employment in the non-agricultural sector (i.e. structural transformation) reduces rural poverty, most notably for countries at a low initial level of development. These findings are robust to changes in key assumptions, including using alternative poverty lines. Finally, we use our estimates to examine the historical contribution of different sources of economic growth to rural and urban poverty reduction across regions.</subfield></datafield><datafield tag="650" ind1=" " ind2="7"><subfield code="a">POVERTY</subfield><subfield code="2">AGROVOC</subfield></datafield><datafield tag="650" ind1=" " ind2="7"><subfield code="a">ECONOMIC GROWTH</subfield><subfield code="2">AGROVOC</subfield></datafield><datafield tag="650" ind1=" " ind2="7"><subfield code="a">URBAN DEVELOPMENT</subfield><subfield code="2">AGROVOC</subfield></datafield><datafield tag="650" ind1=" " ind2="7"><subfield code="a">PRODUCTIVITY</subfield><subfield code="2">AGROVOC</subfield></datafield><datafield tag="650" ind1=" " ind2="7"><subfield code="a">EMPLOYMENT</subfield><subfield code="2">AGROVOC</subfield></datafield><datafield tag="700" ind1="1" ind2=" "><subfield code="a">Henderson, H.</subfield></datafield><datafield tag="773" ind1=" " ind2=" "><subfield code="w">IF000015583</subfield></datafield><datafield tag="852" ind1=" " ind2=" "><subfield code="a">E-Lib.</subfield></datafield><datafield tag="856" ind1=" " ind2="8"><subfield code="u">https://www.ifad.org/documents/38714170/40282692/23_research_series.jpg/07662ec3-2403-4c27-9e42-734eb75023dc?t=1525093718687</subfield></datafield><datafield tag="856" ind1=" " ind2=" "><subfield code="u">https://www.ifad.org/documents/38714170/40282692/23_research_Series.pdf/72f3dfaf-6b49-4f68-bbd1-76f44af5ac67</subfield></datafield><datafield tag="999" ind1=" " ind2=" "><subfield code="a">VIRTUA40</subfield></datafield><datafield tag="999" ind1=" " ind2=" "><subfield code="a">VTLSSORT0080*0200*0350*0900*1000*2450*2600*3000*4900*5200*6500*6501*6502*6503*6504*7000*7730*8520*8560*8561*9992</subfield></datafield></record>