<record><leader>01960nab a2200337 a 4500</leader><controlfield tag="001">vtls000016370</controlfield><controlfield tag="003">IFAD</controlfield><controlfield tag="005">20190114105800.0</controlfield><controlfield tag="008">190114 2018                  000 0 eng d</controlfield><datafield tag="035" ind1=" " ind2=" "><subfield code="a">IF000016370</subfield></datafield><datafield tag="039" ind1=" " ind2="9"><subfield code="y">201901141058</subfield><subfield code="z">vaids</subfield></datafield><datafield tag="090" ind1=" " ind2=" "><subfield code="a">S2256 9 N33</subfield></datafield><datafield tag="100" ind1="1" ind2=" "><subfield code="a">Garbero, A.</subfield></datafield><datafield tag="245" ind1=" " ind2=" "><subfield code="a">The impact of the adoption of CGIAR's improved varieties on poverty and welfare outcomes:</subfield><subfield code="b">a systematic review</subfield></datafield><datafield tag="260" ind1=" " ind2=" "><subfield code="a">Rome (IT)</subfield><subfield code="b">IFAD</subfield><subfield code="c">2018</subfield></datafield><datafield tag="300" ind1=" " ind2=" "><subfield code="a">87 pp.</subfield></datafield><datafield tag="490" ind1=" " ind2=" "><subfield code="a">IFAD Research Series</subfield><subfield code="v">No.33</subfield></datafield><datafield tag="520" ind1=" " ind2=" "><subfield code="a">This paper examines the impact of agricultural research on poverty and welfare by conducting a systematic review of experimental and quasi-experimental impact evaluations of improved varieties disseminated by CGIAR between 2007 and 2015. The analysis focuses on the adoption of improved seeds, and specifically yield-increasing varieties, examining their direct causal impact from uptake on crop productivity gains, increased income and poverty reduction. The paper finds that agricultural research and improved varieties have been effectively contributing to productivity gains, however more efforts are needed to improve the evidence base to validate the positive impacts and encourage donors to invest in this area of agricultural research.</subfield></datafield><datafield tag="650" ind1=" " ind2="7"><subfield code="a">AGRICULTURE</subfield><subfield code="2">AGROVOC</subfield></datafield><datafield tag="650" ind1=" " ind2="7"><subfield code="a">POVERTY</subfield><subfield code="2">AGROVOC</subfield></datafield><datafield tag="650" ind1=" " ind2="7"><subfield code="a">WELFARE</subfield><subfield code="2">AGROVOC</subfield></datafield><datafield tag="650" ind1=" " ind2="7"><subfield code="a">INCOME</subfield><subfield code="2">AGROVOC</subfield></datafield><datafield tag="650" ind1=" " ind2="7"><subfield code="a">CGIAR</subfield><subfield code="2">AGROVOC</subfield></datafield><datafield tag="700" ind1="1" ind2=" "><subfield code="a">Marion, P.</subfield></datafield><datafield tag="700" ind1="1" ind2=" "><subfield code="a">Brailovskaya, V.</subfield></datafield><datafield tag="773" ind1=" " ind2=" "><subfield code="w">IF000015583</subfield></datafield><datafield tag="852" ind1=" " ind2=" "><subfield code="a">E-Lib</subfield></datafield><datafield tag="856" ind1=" " ind2="8"><subfield code="u">https://www.ifad.org/documents/38714170/40951886/Research-Series-33_cover.jpg/5b1c7c80-0a02-20d1-5dee-25b49b1a9b07?t=1545123228614</subfield></datafield><datafield tag="856" ind1=" " ind2=" "><subfield code="u">https://www.ifad.org/documents/38714170/40951886/Research+Series+33.pdf/4b08b329-8f1c-2920-bce8-fba1a7a76593</subfield></datafield><datafield tag="999" ind1=" " ind2=" "><subfield code="a">VIRTUA40</subfield></datafield><datafield tag="999" ind1=" " ind2=" "><subfield code="a">VTLSSORT0080*0900*1000*2450*2600*3000*4900*5200*6500*6501*6502*6503*6504*7000*7001*7730*8520*8560*8561*9992</subfield></datafield></record>