<record><leader>02965nab a2200325 a 4500</leader><controlfield tag="001">vtls000016140</controlfield><controlfield tag="003">IFAD</controlfield><controlfield tag="005">20190122163400.0</controlfield><controlfield tag="008">180824 2018                  000 0 eng d</controlfield><datafield tag="035" ind1=" " ind2=" "><subfield code="a">IF000016140</subfield></datafield><datafield tag="039" ind1=" " ind2="9"><subfield code="a">201901221634</subfield><subfield code="b">vaids</subfield><subfield code="c">201811021151</subfield><subfield code="d">vaids</subfield><subfield code="c">201808311659</subfield><subfield code="d">vaids</subfield><subfield code="c">201808241606</subfield><subfield code="d">vaids</subfield><subfield code="y">201808241606</subfield><subfield code="z">vaids</subfield></datafield><datafield tag="090" ind1=" " ind2=" "><subfield code="a">S2256 9 N28</subfield></datafield><datafield tag="100" ind1="1" ind2=" "><subfield code="a">Garbero, A.</subfield></datafield><datafield tag="245" ind1=" " ind2=" "><subfield code="a">Understanding the dynamics of adoption decisions and their poverty impacts:</subfield><subfield code="b">the case of improved maize seeds in Uganda</subfield></datafield><datafield tag="260" ind1=" " ind2=" "><subfield code="a">Rome, Italy</subfield><subfield code="b">IFAD</subfield><subfield code="c">2018</subfield></datafield><datafield tag="300" ind1=" " ind2=" "><subfield code="a">67 pp.</subfield></datafield><datafield tag="490" ind1=" " ind2=" "><subfield code="a">Research Series</subfield><subfield code="v">N. 28</subfield></datafield><datafield tag="520" ind1=" " ind2=" "><subfield code="a">This study estimates the impact of agricultural research, specifically improved maize seeds varieties, on agricultural productivity and welfare in Uganda using a three-wave panel survey.&#xD;
&#xD;
First, it looks at the determinants of technology adoption are examined in a dynamic setting that allows for state dependence, in the adoption decision process. The analysis shows that previous adoption is very important in explaining contemporary adoption.&#xD;
&#xD;
Then, it examines the impact of improved maize seeds adoption on welfare, notably consumption-expenditure, poverty, and agricultural outcomes such as yields. &#xD;
&#xD;
Findings show that the magnitude of impacts is fairly similar across the different models. Estimates for the daily per adult equivalent expenditure increased by a range of 5-16% as a result of agricultural technology (total agricultural production increased by a range of 5-13%) and the proportion poor set with the daily 2 US $PPP per capita poverty threshold decreased by a range of 4-12%.&#xD;
&#xD;
In addition, poverty reduction occurred through a rise in maize yields, where adoption of improved maize seeds increases the value of production and supports the achievement of poverty reduction outcomes.&#xD;
&#xD;
One major policy recommendation arising from this study is that extension services need to be better suited to address the volatility of the agricultural context where smallholders operate. Such extension support needs to be timely and tailored to the local context and the needs of rural smallholders in order to properly address their vulnerability and liquidity constraints, which prevent them from fully making a long-term profit from the substantial benefits of this technology.&#xD;
</subfield></datafield><datafield tag="650" ind1=" " ind2="7"><subfield code="a">PANEL STUDIES</subfield><subfield code="2">AGROVOC</subfield></datafield><datafield tag="650" ind1=" " ind2="7"><subfield code="a">RESEARCH</subfield><subfield code="2">AGROVOC</subfield></datafield><datafield tag="650" ind1=" " ind2="7"><subfield code="a">SEEDS</subfield><subfield code="2">AGROVOC</subfield></datafield><datafield tag="650" ind1=" " ind2="7"><subfield code="a">PRODUCTIVITY</subfield><subfield code="2">AGROVOC</subfield></datafield><datafield tag="650" ind1=" " ind2="7"><subfield code="a">UGANDA</subfield><subfield code="2">AGROVOC</subfield></datafield><datafield tag="700" ind1="1" ind2=" "><subfield code="a">Marion, P.</subfield></datafield><datafield tag="773" ind1=" " ind2=" "><subfield code="w">IF000015583</subfield></datafield><datafield tag="852" ind1=" " ind2=" "><subfield code="a">Library</subfield></datafield><datafield tag="856" ind1=" " ind2="8"><subfield code="u">https://www.ifad.org/documents/38714170/40749357/28_research.jpg/54d217aa-4aff-4afe-a56d-40c182ec4451?t=1535104680420</subfield></datafield><datafield tag="856" ind1=" " ind2=" "><subfield code="u">https://www.ifad.org/documents/38714170/40749357/28_Research.pdf/25f18d0e-b4ff-4718-9eee-50d2e0ee42ca</subfield></datafield><datafield tag="999" ind1=" " ind2=" "><subfield code="a">VIRTUA40</subfield></datafield><datafield tag="999" ind1=" " ind2=" "><subfield code="a">VTLSSORT0080*0350*0900*1000*2450*2600*3000*4900*5200*6500*6501*6502*6503*6504*7000*7730*8520*8560*8561*9992</subfield></datafield></record>