<record><leader>03664nab a2200337 a 4500</leader><controlfield tag="001">vtls000016109</controlfield><controlfield tag="003">IFAD</controlfield><controlfield tag="005">20181102134500.0</controlfield><controlfield tag="008">180711 2016                  000 0 eng d</controlfield><datafield tag="020" ind1=" " ind2=" "><subfield code="a">978-92-9072-676-0</subfield></datafield><datafield tag="035" ind1=" " ind2=" "><subfield code="a">IF000016109</subfield></datafield><datafield tag="039" ind1=" " ind2="9"><subfield code="a">201811021345</subfield><subfield code="b">vaids</subfield><subfield code="c">201810311050</subfield><subfield code="d">vaids</subfield><subfield code="c">201807120859</subfield><subfield code="d">vaids</subfield><subfield code="y">201807111101</subfield><subfield code="z">vaids</subfield></datafield><datafield tag="090" ind1=" " ind2=" "><subfield code="a">S2256 9 N6</subfield></datafield><datafield tag="100" ind1="1" ind2=" "><subfield code="a">Omamo, S. W.</subfield></datafield><datafield tag="245" ind1=" " ind2=" "><subfield code="a">Why food and nutrition security matters for inclusive structural and rural transformation</subfield></datafield><datafield tag="260" ind1=" " ind2=" "><subfield code="a">Rome, Italy</subfield><subfield code="b">IFAD</subfield><subfield code="c">2016</subfield></datafield><datafield tag="300" ind1=" " ind2=" "><subfield code="a">27 pp.</subfield></datafield><datafield tag="490" ind1=" " ind2=" "><subfield code="a">IFAD Research Series</subfield><subfield code="v">No. 6</subfield></datafield><datafield tag="520" ind1=" " ind2=" "><subfield code="a">The prevalence of undernourished people in the world has declined steadily over the last few&#xD;
decades, but almost 800 million people remain undernourished. Deeper and more rapid progress&#xD;
against food and nutrition insecurity is urgently required. Structural and rural transformation&#xD;
must play its role. In theory, inclusive structural and rural transformation – i.e. a transformation&#xD;
that delivers widely held benefits – implies expanded food and nutrition security, which,&#xD;
in turn, supports the transformation. In fact, where structural and rural transformation has&#xD;
been significant, it has been accompanied by wide and deep improvements in food and&#xD;
nutrition security, with food availability, food access and food utilization all registering&#xD;
significant improvements. Higher labour and land productivity linked to commercialization,&#xD;
specialization and mechanization of production processes has boosted food supplies.&#xD;
Livelihood options have expanded – especially off-farm – and incomes have risen, allowing&#xD;
households to increase the quantity and quality of food they consume. This has led to&#xD;
improved health and education outcomes, affirming and advancing core drivers of structural&#xD;
and rural transformation. But there are important exceptions and caveats. Even where&#xD;
structural and rural transformation has been rapid and sustained, incomes have increased&#xD;
and food supply has been relatively easy with comparatively low and stable prices, and food&#xD;
and nutrition insecurity has persisted, with undernutrition, overnutrition and micronutrient&#xD;
deficiencies coexisting in several contexts. Implications for policy centre on nutrition-specific&#xD;
and nutrition-sensitive measures and investments that render rapidly transforming food&#xD;
systems better able to deliver and support healthy and nutritious diets for all consumers, but&#xD;
especially for pregnant women and young children for whom malnutrition has long-lasting&#xD;
consequences. Also key are policy measures to counter the effects of forces and conditions&#xD;
that militate against expanded participation by small-scale farmers and traders in commercial&#xD;
food production and trade – effects that, by extension, hinder this central dimension of&#xD;
inclusive structural and rural transformation.</subfield></datafield><datafield tag="650" ind1=" " ind2="7"><subfield code="a">FOOD SAFETY</subfield><subfield code="2">AGROVOC</subfield></datafield><datafield tag="650" ind1=" " ind2="7"><subfield code="a">Nutrition</subfield><subfield code="2">AGROVOC</subfield></datafield><datafield tag="650" ind1=" " ind2="7"><subfield code="a">RURAL TRANSFORMATION</subfield><subfield code="2">AGROVOC</subfield></datafield><datafield tag="650" ind1=" " ind2="7"><subfield code="a">POLICIES</subfield><subfield code="2">AGROVOC</subfield></datafield><datafield tag="650" ind1=" " ind2="7"><subfield code="a">ANALYSIS</subfield><subfield code="2">AGROVOC</subfield></datafield><datafield tag="773" ind1=" " ind2=" "><subfield code="w">IF000015583</subfield></datafield><datafield tag="852" ind1=" " ind2=" "><subfield code="a">E-Lib.</subfield></datafield><datafield tag="856" ind1=" " ind2="8"><subfield code="u">https://www.ifad.org/documents/38714170/39318670/Research+Series+Issue+6+-+Why+food+and+nutrition+security+matters_001.jpg/c2d84287-ac80-4486-b405-da37f7152576?t=1505812289177</subfield></datafield><datafield tag="856" ind1=" " ind2=" "><subfield code="u">https://www.ifad.org/documents/38714170/39318670/Research+Series+Issue+6+-+Why+food+and+nutrition+security+matters.pdf/76ceeb1c-477b-4e60-b4c5-d8ea5b1d8b3e</subfield></datafield><datafield tag="999" ind1=" " ind2=" "><subfield code="a">VIRTUA40</subfield></datafield><datafield tag="999" ind1=" " ind2=" "><subfield code="a">VTLSSORT0010*0030*0050*0080*0200*0350*0390*0900*1000*2450*2600*3000*4900*5200*6500*6501*6502*6503*6504*7730*8520*8560*8561*9990*9991</subfield></datafield><datafield tag="999" ind1=" " ind2=" "><subfield code="a">VTLSSORT</subfield></datafield></record></collection>